 %**********************************************************************************************************************
% musím se postarat o diakritiku v příjmeních

%%% ML: rozsirit seznam referenci

@Book{diveintopython,
  title=	{Dive Into Python},
  author=	{Mark Pilgrim},
  publisher=	{Apress},
  year=		{2004},
  isbn =	{978-1-59059-356-1},
}

@Book{qgis,
  title  =	{Mastering QGIS},
  author=	{Kurt Menke and Luigi Pirelli and Richard Smith and John Van Hoesen},
  publisher = {Packt Publishing},
  year =        {2015},
  isbn=      {978-1-78439-868-2}
}

@Booklet{ucebnicepython,
  title  =	{Učebnice jazyka Python (aneb Létající cirkus)},
  author=	{Jan Švec},
  year =        {2002},
  url   =	{http://www.root.cz/knihy/ucebnice-jazyka-python/},
  note   =	{Česká verze knihy Python tutorial od Guida van Rossuma a Freda L. Drakea},
}

@Online{cookbook,
  key	=	 {zweb:cookbook},
  title  =	{PyQGIS Developer Cookbook},
  cited =        {2017-05-10},
  url   =	{http://docs.qgis.org/testing/en/docs/pyqgis_developer_cookbook/},
}

@Online{ZHN,
  key	=	 {zweb:acr},
  author = {příslušníci 314. centra výstrahy proti zbraním hromadného ničení},
  title  =	{Centrum výstrahy zbraní hromadného ničení Hostivice - Břve},
  cited =  	{2017-05-20},
  url   =	{http://www.acr.army.cz/scripts/detail.php?id=9473},
}

@Techreport{Nordyke2000,
  doi = {10.2172/793554},
  url = {https://doi.org/10.2172/793554},
  year  = {2000},
  month = {jul},
  publisher = {Office of Scientific and Technical Information  ({OSTI})},
  author = {M.D. Nordyke},
  title = {The Soviet Program for Peaceful Uses of Nuclear Explosions}
}

@Book{hershberger1992speeding,
  title={Speeding up the Douglas-Peucker line-simplification algorithm},
  author={Hershberger, John Edward and Snoeyink, Jack},
  year={1992},
  publisher={University of British Columbia, Department of Computer Science}
}

@Online{ionZarUllman,
  key	=	{zweb:astronuklfyzika},
  author = {Vojtěch ULLMANN},
  title  =	{Ionizující záření},
  cited =  	{2017-05-19},
  url   =	{http://astronuklfyzika.cz/JadRadFyzika6.htm},
}

@Online{fbmi,
  key	=	{zweb:fbmi},
  author = {},
  title  =	{Ionizující záření},
  cited =  	{2017-05-19},
  url   =	{http://fbmi.sirdik.org},
}

@Online{monras,
  key	=	{zweb:monras},
  author = {Státní ústav pro jadernou bezpečnost},
  title  =	{Monitorování radiační situace},
  cited =  	{2017-05-19},
  url   =	{https://www.sujb.cz/aplikace/monras/?lng=cs_CZ#z3},
}

@Online{suro,
  key	=	 {zweb:suro},
  author = {Státní ústav radiační ochrany, v.v.i.},
  title  =	{Informace o funkci a organizaci RMS},
  cited =    {2017-05-17},
  url   =	{https://www.suro.cz/cz/rms},
}

@Online{vrtulnik,
  key	=	 {zweb:vrtulnik},
  author = {kpt. Jakub Šimíček},
  title  =	{Chemici se specialisty Státního ústavu radiační ochrany společně monitorovali radiaci z vrtulníku},
  cited =   {2017-05-19},
  url   =	{http://www.mocr.army.cz/informacni-servis/zpravodajstvi/chemici-se-specialisty-statniho-ustavu-radiacni-ochrany-spolecne-monitorovali-radiaci-z-vrtulniku-118918/},
}

@Online{vvu,
  key	=	 {zweb:vvu},
  author = {Vojenský výzkumný ústav, s. p.},
  title  =	{SVZ ARMS},
  cited =    {2017-05-18},
  url   =	{http://www.vvubrno.cz/userstorage/files/pdf/prospekty/svz-arms-sit-vcasneho-zjisteni.pdf},
}

@Online{cviceni,
  key	=	 {zweb:cviceni},
  author = {Michal Voska},
  title  =	{Složky Armádní radiační monitorovací sítě nacvičovaly zásah při radiaci},
  cited =    {2017-05-17},
  url   =	{http://www.acr.army.cz/informacni-servis/zpravodajstvi/armadni-radiacni-monitorovaci-site-nacvicoval-zasah-pri-radiaci-131355/},
}

@Online{report,
  key	=	 {zweb:report},
  title  =	{APP-11 and ADatP-3},
  cited =    {2017-05-24},
  url   =	{https://systematic.com/defence/products/a/military-messaging/app-11-and-adatp-3/},
}

@Online{vugtk,
  key	=	 {zweb:vugtk},
  author = {Terminologická komise ČÚZK},
  title  =	{Terminologický slovník zeměměřictví a katastru nemovitostí},
  cited =    {2017-05-10},
  url   =	{https://www.vugtk.cz/slovnik},
}

@Online{diverzanti,
  key	=	 {zweb:diverzanti},
  title  =	{Military Grid Reference System},
  cited =    {2017-05-19},
  url   =	{http://www.diverzanti.cz/cl_36a},
}

@Online{wiki,
  key	=	 {zweb:wiki},
  title  =	{Military Grid Reference System},
  cited =    {2017-05-11},
  url   =	{https://en.wikipedia.org/wiki/Military_Grid_Reference_System},
}

@Online{python,
  key	=	 {zweb:python},
  title  =	{General Python FAQ},
  cited =    {2017-05-10,
  url   =	{https://docs.python.org/3/faq/general.html#general-python-faq},
}

@Online{gdal,
  key	=	 {zweb:gdal},
  title  =	{GDAL - Geospatial Data Abstraction Library},
  cited =    {2017-05-10},
  url   =	{http://www.gdal.org/},
}

@Online{pyqt,
  key	=	 {zweb:pyqt},
  title  =	{About PyQt},
  cited =    {2017-05-10},
  url   =	{https://wiki.python.org/moin/PyQt},
}

% zdroj: JK
